<record><leader>00000cas a22000007a 4500</leader><controlfield tag="001">29895680</controlfield><controlfield tag="008">940302d18911894mauwr ne      0    0eng d</controlfield><datafield ind1=" " ind2=" " tag="010"><subfield code="a">sn 94055545 </subfield></datafield><datafield ind1=" " ind2=" " tag="040"><subfield code="a">MGN</subfield><subfield code="b">eng</subfield><subfield code="c">MGN</subfield><subfield code="d">OCLCQ</subfield></datafield><datafield ind1=" " ind2=" " tag="042"><subfield code="a">msc</subfield></datafield><datafield ind1="0" ind2=" " tag="130"><subfield code="a">People's advocate (Framingham, Mass.)</subfield></datafield><datafield ind1="1" ind2="0" tag="245"><subfield code="a">People's advocate.</subfield></datafield><datafield ind1=" " ind2=" " tag="260"><subfield code="a">South Framingham [Framingham] :</subfield><subfield code="b">Advocate Pub. Co.</subfield></datafield><datafield ind1=" " ind2=" " tag="300"><subfield code="a">v.</subfield></datafield><datafield ind1=" " ind2=" " tag="310"><subfield code="a">Weekly</subfield></datafield><datafield ind1="1" ind2=" " tag="362"><subfield code="a">Began in 1891? Ceased in 1894?</subfield></datafield><datafield ind1=" " ind2=" " tag="500"><subfield code="a">Editor: D.H. Durand, &lt;1892-&gt;.</subfield></datafield><datafield ind1=" " ind2=" " tag="588"><subfield code="a">Description based on: Vol. 2, no. 86 (Sept. 3, 1892).</subfield></datafield><datafield ind1=" " ind2=" " tag="752"><subfield code="a">United States</subfield><subfield code="b">Massachusetts</subfield><subfield code="c">Middlesex</subfield><subfield code="d">Framingham.</subfield></datafield></record>